% -----
% PÁGINA/DOCUMENTO NA WEB
%
%  itens: autor (da página da Web-ou do detentor dos direitos da página, caso não haja autor- ou do documento);
%         título (da página da Web-campo <title>- ou do documento, caso não haja campo <title>;
%         url; data de acesso; ano
% -----
@siteurl{ColahLSTM,
    author = {Christopher Olah},
    title = {Understanding LSTM Networks},
    url = {http://colah.github.io/posts/2015-08-Understanding-LSTMs/},
    note = {12 de maio de 2018},
    year="2015"
}

@article{DBLP:journals/corr/abs-1708-06025,
  author    = {Nathan Hartmann and
               Erick R. Fonseca and
               Christopher Shulby and
               Marcos Vin{\'{\i}}cius Treviso and
               Jessica Rodrigues and
               Sandra M. Alu{\'{\i}}sio},
  title     = {Portuguese Word Embeddings: Evaluating on Word Analogies and Natural Language Tasks},
  journal   = {CoRR},
  volume    = {abs/1708.06025},
  year      = {2017},
  url       = {http://arxiv.org/abs/1708.06025},
  archivePrefix = {arXiv},
  eprint    = {1708.06025},
  timestamp = {Tue, 05 Sep 2017 10:03:46 +0200},
  biburl    = {https://dblp.org/rec/bib/journals/corr/abs-1708-06025},
  bibsource = {dblp computer science bibliography, https://dblp.org}
}

@siteurl{pennington2014glove,
  author = {Jeffrey Pennington and Richard Socher and Christopher D. Manning},
  booktitle = {Empirical Methods in Natural Language Processing (EMNLP)},
  title = {GloVe: Global Vectors for Word Representation},
  year = {2014},
  pages = {1532--1543},
  note  = {14 de julho de 2018},
  url = {http://www.aclweb.org/anthology/D14-1162},
}


@Inbook{LeCun1999,
  author="LeCun, Yann
  and Haffner, Patrick
  and Bottou, L{\'e}on
  and Bengio, Yoshua",
  title="Object Recognition with Gradient-Based Learning",
  bookTitle="Shape, Contour and Grouping in Computer Vision",
  year="1999",
  publisher="Springer Berlin Heidelberg",
  address="Berlin, Heidelberg",
  pages="319--345",
  abstract="Finding an appropriate set of features is an essential problem in the design of shape recognition systems. This paper attempts to show that for recognizing simple objects with high shape variability such as handwritten characters, it is possible, and even advantageous, to feed the system directly with minimally processed images and to rely on learning to extract the right set of features. Convolutional Neural Networks are shown to be particularly well suited to this task. We also show that these networks can be used to recognize multiple objects without requiring explicit segmentation of the objects from their surrounding. The second part of the paper presents the Graph Transformer Network model which extends the applicability of gradient-based learning to systems that use graphs to represents features, objects, and their combinations.",
  isbn="978-3-540-46805-9",
  doi="10.1007/3-540-46805-6_19",
  url="https://doi.org/10.1007/3-540-46805-6_19",
  note = {12 de maio de 2018}
}

% -----
% PÁGINA/DOCUMENTO NA WEB
%
%  itens: autor (da página da Web-ou do detentor dos direitos da página, caso não haja autor- ou do documento);
%         título (da página da Web-campo <title>- ou do documento, caso não haja campo <title>;
%         url; data de acesso; ano
% -----
@siteurl{stanfordCS231n,
    author = {Andrej Karpathy},
    title = {Convolutional Neural Networks for Visual Recognition},
    url = {http://cs231n.github.io/convolutional-networks/},
    note = {12 de maio de 2018}
}

@article{DBLP:journals/corr/Ruder16,
  author    = {Sebastian Ruder},
  title     = {An overview of gradient descent optimization algorithms},
  journal   = {CoRR},
  volume    = {abs/1609.04747},
  year      = {2016},
  url       = {http://arxiv.org/abs/1609.04747},
  archivePrefix = {arXiv},
  eprint    = {1609.04747},
  timestamp = {Wed, 07 Jun 2017 14:40:06 +0200},
  biburl    = {https://dblp.org/rec/bib/journals/corr/Ruder16},
  bibsource = {dblp computer science bibliography, https://dblp.org},
  note = {12 de maio de 2018}
}

@Article{Rumelhart1986,
  author={Rumelhart, David E.
  and Hinton, Geoffrey E.
  and Williams, Ronald J.},
  title={Learning representations by back-propagating errors},
  journal={Nature},
  year={1986},
  month={Oct},
  day={09},
  note = {12 de maio de 2018},
  publisher={Nature Publishing Group SN  -},
  volume={323},
  pages={533 EP  -},
  url={http://dx.doi.org/10.1038/323533a0}
}

@article{HORNIK1991251,
  title = "Approximation capabilities of multilayer feedforward networks",
  journal = "Neural Networks",
  volume = "4",
  note = {12 de maio de 2018},
  number = "2",
  pages = "251 - 257",
  year = "1991",
  issn = "0893-6080",
  doi = "https://doi.org/10.1016/0893-6080(91)90009-T",
  url = "http://www.sciencedirect.com/science/article/pii/089360809190009T",
  author = "Kurt Hornik",
  keywords = "Multilayer feedforward networks, Activation function, Universal approximation capabilities, Input environment measure, () approximation, Uniform approximation, Sobolev spaces, Smooth approximation"
}

@article{DBLP:journals/corr/MikolovSCCD13,
  author    = {Tomas Mikolov and
               Ilya Sutskever and
               Kai Chen and
               Greg Corrado and
               Jeffrey Dean},
  title     = {Distributed Representations of Words and Phrases and their Compositionality},
  journal   = {CoRR},
  volume    = {abs/1310.4546},
  note 		= {1º de maio de 2018},
  year      = {2013},
  url       = {http://arxiv.org/abs/1310.4546},
  archivePrefix = {arXiv},
  eprint    = {1310.4546},
  timestamp = {Wed, 07 Jun 2017 14:40:03 +0200},
  biburl    = {https://dblp.org/rec/bib/journals/corr/MikolovSCCD13},
  bibsource = {dblp computer science bibliography, https://dblp.org}
}





@InProceedings{SVM4textClassification,
author="Joachims, Thorsten",
editor="N{\'e}dellec, Claire
and Rouveirol, C{\'e}line",
title="Text categorization with Support Vector Machines: Learning with many relevant features",
booktitle="Machine Learning: ECML-98",
year="1998",
publisher="Springer Berlin Heidelberg",
address="Berlin, Heidelberg",
pages="137--142",
abstract="This paper explores the use of Support Vector Machines (SVMs) for learning text classifiers from examples. It analyzes the particular properties of learning with text data and identifies why SVMs are appropriate for this task. Empirical results support the theoretical findings. SVMs achieve substantial improvements over the currently best performing methods and behave robustly over a variety of different learning tasks. Furthermore they are fully automatic, eliminating the need for manual parameter tuning.",
isbn="978-3-540-69781-7",
note = {17 de julho de 2018},
edition = {1ª}
}



@inproceedings{pennington2014glove,
  author = {Jeffrey Pennington and Richard Socher and Christopher D. Manning},
  booktitle = {Empirical Methods in Natural Language Processing (EMNLP)},
  title = {GloVe: Global Vectors for Word Representation},
  year = {2014},
  pages = {1532--1543},
  url = {http://www.aclweb.org/anthology/D14-1162},
  note = {1º de maio de 2018}
}

@article{DBLP:journals/corr/abs-1301-3781,
  author    = {Tomas Mikolov and
               Kai Chen and
               Greg Corrado and
               Jeffrey Dean},
  title     = {Efficient Estimation of Word Representations in Vector Space},
  journal   = {CoRR},
  volume    = {abs/1301.3781},
  note 		= {1º de maio de 2018},
  year      = {2013},
  url       = {http://arxiv.org/abs/1301.3781},
  archivePrefix = {arXiv},
  eprint    = {1301.3781},
  timestamp = {Wed, 07 Jun 2017 14:42:25 +0200},
  biburl    = {https://dblp.org/rec/bib/journals/corr/abs-1301-3781},
  bibsource = {dblp computer science bibliography, https://dblp.org}
}

@article{SUPPORTVECTORNETWORK,
  author    = {Corinna Cortes and
               Vladimir Vapnik},
  title     = {Support-Vector Networks},
  journal   = {Kluwer Academic Publishers},
  year      = {1995},
  volume    = {1},
  timestamp = {Sat, 14 Jul 2018 14:42:25 +0200},
  pages     = {25},
  biburl    = {http://image.diku.dk/imagecanon/material/cortes_vapnik95.pdf},
  bibsource = {Department of Computer Science DIKU, https://di.ku.dk/english/research/imagesection}
}

@techreport{McCallum98acomparison,
    author = {Andrew McCallum and Kamal Nigam},
    title = {A Comparison of Event Models for Naive Bayes Text Classification},
    address = {Pittsburgh},
    publisher = {Carnegie Mellon University},
    pages = {8},
    year = {1998}
}

@INPROCEEDINGS{RSLPStemmer,
    author = {C. Huyck and V. Orengo},
    booktitle = {String Processing and Information Retrieval,                        International Symposium on(SPIRE)},
    title = {A Stemming Algorithmm for the Portuguese Language},
    year = {2001},
    volume = {00},
    number = {},
    edition = {8ª},
    pages = {},
    keywords={},
    doi = {10.1109/SPIRE.2001.10024},
    url = {doi.ieeecomputersociety.org/10.1109/SPIRE.2001.10024},
    ISSN = {},
    month={11},
    note = {14 de julho de 2018}
}


@inbook{InformationRetrievalBookChapter6,
  author = {Christopher D. Manning, Prabhakar Raghavan and Hinrich Schütze},
  title = {Scoring, term weighting and the vector space model},
  editor = {},
  booktitle = {An Introduction to Information Retrieval},
  address = {Cambridge, England},
  publisher = {Cambridge University Press},
  pages = {109--133},
  year = {2009}
}

@book{InformationRetrievalBook,
	author = {Christopher D. Manning, Prabhakar Raghavan and Hinrich Schütze},
	title = {An Introduction to Information Retrieval},
	address = {Cambridge, England},
	publisher = {Cambridge University Press},
	pages = {544},
	year = {2009},
	edition = {Draft}
}


%%
%
% ARQUIVO: refs.bib
%
% VERSÃO: 1.0
% DATA: Maio de 2016
% AUTOR: Coordenação de Trabalhos Especiais SE/8
% 
%  Arquivo bibtex com as referências usadas no documento de PFC.
%
%   é preciso ter atenção a caracteres especiais em LaTeX (p.ex. '_' deve ser '\_',
%   '\' deve ser '\backslash', etc.).
%
%   erros indicados no capítulo de Referências Bibliográficas DEVEM SER CONSERTADOS SOMENTE AQUI.
%   EVITE alterar os demais arquivos de estilo.
%
%   itens marcados como OPCIONAL, podem ser REMOVIDOS da entrada bibtex (NÃO DEIXE EM BRANCO).
%
%%

% -----
% ARTIGO EM PERIÓDICO
%
%  itens: autor; título; periódico; volume; número (OPCIONAL); páginas; ano
% -----
@article{Salles2014,
    author = {Claudio Sá de Abreu and Ronaldo Moreira Salles},
    title = {Modeling message diffusion in epidemical DTN},
    journal = {Ad Hoc Networks},
    volume = {16},
    number = {2},
    pages = {197-209},
    year = {2014}
}

% -----
% ARTIGO EM PERIÓDICO DE ACESSO ELETRÔNICO
%
%  itens: autor; título; periódico; volume; número (OPCIONAL); páginas (OPCIONAL); url; data de acesso; ano
% -----
@article{Justel2014,
    author = {Nair Abreu and Claudia Marcela Justel and Oscar Rojo and Vilmar Trevisan},
    title = {Ordering trees and graphs with few cycles by algebraic connectivity},
    journal = {Linear Algebra and its Applications},
    volume = {458},
    url = {http://www.journals.elsevier.com/linear-algebra-and-its-applications/},
    note = {31 nov. de 2015},
    year = {2014}
}

% -----
% LIVRO NO TODO
%
%  itens: autor; título; edição (OPCIONAL); local da editora (na falta, será apresentado [S.l.]);
%         editora (na falta, será apresentado [s.n.]); ano
% -----
@book{Goldschmidt2005,
	author = {Ronaldo Ribeiro Goldschmidt and Emmanuel Passos},
	title = {Data Mining: Um guia prático},
	edition = {2},
	address = {Rio de Janeiro},
	publisher = {Campus},
	pages = {476},
	year = {2005}
}

% -----
% CAPÍTULO DE LIVRO
%
%  itens: autor do capítulo; título do capítulo; autor do livro (na falta, se entende que o autor do
%         livro é o mesmo do autor do capítulo); título do livro; edição do livro (OPCIONAL);
%         local da editora do livro (na falta, será apresentado [S.l.]);
%         editora do livro (na falta, será apresentado [s.n.]); páginas; ano
% -----
@inbook{Rakocevic2014,
  author = {Veselin Rakocevic},
  title = {Clustering for networks of moving objects},
  editor = {Ivan Ganchev and Marília Curado and Andreas Kassler},
  booktitle = {Wireless networking for moving objects},
  address = {Berlim},
  publisher = {Springer International Publishing},
  pages = {70--87},
  year = {2014}
}

% -----
% ARTIGO EM ANAIS/PROCEEDINGS
%
%  itens: autor do artigo; título do artigo; nome do evento; edição do evento;
%         nome do evento co-locado (p.ex. do Workshop ou Trilha, etc. OPCIONAL);
%         edição do evento co-locado (OPCIONAL); local do evento;
%         tipo do evento ('br' se nacional, 'intl' se internacional);
%         local da editora (na falta, será apresentado [S.l.]);
%         editora (na falta, será apresentado [s.n.]); páginas; ano
% -----
@inproceedings{Lara2014,
    author = {Patrick Lara and Ricardo Choren},
    title = {A protocol for command and control systems integration},
    booktitle = {International Conference on Enterprise Information Systems},
    edition = {16},
    series = {Workshop on Enterprise Architecture},
    number = {4},
    key = {Lisboa},
    type = {intl},
    address = {Setúbal},
    publisher = {SciTePress},
    pages = {484-489},
    year = {2014}
}

% -----
% ARTIGO EM ANAIS/PROCEEDINGS DE ACESSO ELETRÔNICO
%
%  itens: autor do artigo; título do artigo; nome do evento; edição do evento;
%         nome do evento co-locado (p.ex. do Workshop ou Trilha, etc. OPCIONAL);
%         edição do evento co-locado (OPCIONAL); local do evento;
%         tipo do evento ('br' se nacional, 'intl' se internacional);
%         local da editora (na falta, será apresentado [S.l.]);
%         editora (na falta, será apresentado [s.n.]); url; data de acesso;
%         páginas (OPCIONAL); ano
% -----
@inproceedings{Soares2013,
    author = {Monique Soares and Carla Silva and Gabriela Guedes and Jaelson Castro and Cleice Souza and Tarcisio Pereira},
    title = {Using tranformation rules to align requirements and archictectural models},
    booktitle = {Simpósio Brasileiro de Engenharia de Software},
    edition = {27},
    key = {Brasília},
    type = {br},
    address = {Porto Alegre},
    publisher = {Sociedade Brasileira de Computação},
    url = {http://cbsoft2013.unb.br/wp-content/uploads/2013/10/SBES-completo.pdf},
    note = {31 nov. de 2015},
    pages = {26--35},
    year = {2013}
}

% -----
% ANAIS/PROCEEDINGS NO TODO
%
%  itens: nome do evento; sigla do evento; edição do evento;
%         tipo do evento ('br' se nacional, 'intl' se internacional);
%         local do evento (na falta, será apresentado [S.l.]);
%         editora dos anais/proceedings (na falta, será apresentado [s.n.]);
%         url (se acesso ao documento for eletrônico, OPCIONAL); data de acesso (OPCIONAL); ano
% -----
@event{icse2015,
    key = {International Conference on Software Engineering},
    series = {ICSE},
    edition = {37},
    type = {intl},
    address = {Florença},
    publisher = {IEEE},
    url = {http://ieeexplore.ieee.org/xpl/mostRecentIssue.jsp?punumber=7174815},
    note = {31 nov. de 2015},
    year = {2015}
}

% -----
% TESE DE DOUTORADO
%
%  itens: autor; título; número de páginas (OPCIONAL); nome do curso de doutorado;
%         universidade do curso de doutorado; local da universidade do curso de doutorado;
%         url (se acesso ao documento for eletrônico, OPCIONAL); data de acesso (OPCIONAL); ano
% -----
@phdthesis{Yoko2003,
    author = {Maria Claudia Reis Cavalcanti},
    title = {Gerência de recursos científicos: Apoiando a realização de experimentos in silico},
    pages = {100},
    series = {Doutorado em Engenharia de Sistemas e Computação},
    school = {Universidade Federal do Rio de Janeiro},
    address = {Rio de Janeiro},
    year = {2003}
}

% -----
% DISSERTAÇÃO DE MESTRADO
%
%  itens: autor; título; número de páginas (OPCIONAL); nome do curso de mestrado;
%         universidade do curso de mestrado; local da universidade do curso de mestrado;
%         url (se acesso ao documento for eletrônico, OPCIONAL); data de acesso (OPCIONAL); ano
% -----
@mscthesis{Dias2013,
    author = {Gabriela Moutinho de Souza Dias},
    title = {Modelo epidemiológico SIR aplicado a redes Tolerantes a Atrasos e Desconexões},
    pages = {134},
    series = {Mestrado em Sistemas e Computação},
    school = {Instituto Militar de Engenharia},
    address = {Rio de Janeiro},
    url = {http://www.comp.ime.eb.br/images/repositorio-dissertacoes/2013-Gabriela\_Dias.pdf},
    note = {31 nov. de 2015},
    year = {2013}
}

% -----
% TRABALHO DE CONCLUSÃO DE CURSO DE GRADUAÇÃO
%
%  itens: autor; título; número de páginas (OPCIONAL); nome do curso de graduação;
%         universidade do curso de graduação; local da universidade do curso de graduação;
%         url (se acesso ao documento for eletrônico, OPCIONAL); data de acesso (OPCIONAL); ano
% -----
@ugdthesis{Araujo2015,
    author = {Arthur Fernandes Araujo and Maiara Barroso Cardoso Reinaldo},
    title = {Instalação e configuração de serviços Web para disponibilização de dados espaciais em operações militares},
    pages = {73},
    series = {Graduação em Engeharia de Computação Computação},
    school = {Instituto Militar de Engenharia},
    address = {Rio de Janeiro},
    year = {2015}
}

% -----
% RELATÓRIO TÉCNICO
%
%  itens: autor; título;
%         local da universidade/editora do relatório técnico (na falta, será apresentado [S.l.]);
%         universidade/editora do relatório técnico (na falta, será apresentado [s.n.]);
%         número de páginas (OPCIONAL); número do relatório técnico (OPCIONAL);  ano
%
%         se acesso ao relatório técnico for eletrônico, NÃO USE techreport. USE siteurl (VER ABAIXO).
% -----
@techreport{Gubitoso1992,
    author = {Mario Dorneles Gubitoso and Carlos Zara},
    title = {Máquina worm: simulador de máquinas paralelas},
    address = {São Paulo},
    publisher = {IME-USP},
    pages = {29},
    number = {Rt-Mac-8908},
    year = {1992}
}